<?xml version="1.0" encoding="UTF-8"?><collection xmlns="http://www.loc.gov/MARC21/slim"><record><leader>00380nam--2200133-i-4500</leader><controlfield tag="001">000017997</controlfield><controlfield tag="002">20161230</controlfield><controlfield tag="005">20170204203305</controlfield><controlfield tag="008">060222s1000------------r-----000-0-eng-d</controlfield><datafield ind1=" " ind2=" " tag="100"><subfield code="a">Fouille, A</subfield></datafield><datafield ind1=" " ind2=" " tag="245"><subfield code="a">Electrotechnique a l usage des ingenieurs. Preface de E. Lafrand. 4-e edition.. principes</subfield></datafield><datafield ind1=" " ind2=" " tag="260"><subfield code="a">Paris</subfield><subfield code="b">Dunod</subfield><subfield code="c">1955-56</subfield></datafield><datafield ind1=" " ind2=" " tag="852"><subfield code="a">12024</subfield></datafield><datafield ind1=" " ind2=" " tag="CAT"><subfield code="a">SYS</subfield><subfield code="c">20170204</subfield><subfield code="h">203305</subfield></datafield></record></collection>